@article{profile,
    author = {https://pixabay.com},
    title = {Stock Profile Image},
    url = {https://pixabay.com/p-973460/?no_redirect},
    keywords = {profile, image, stock},
} 

@article{jquery,
    author = {https://jquery.com/},
    title = {JQuery Module},
    url = {https://jquery.com/},
    keywords = {JQuery, module, javascript},
} 

@article{express,
    author = {https://expressjs.com/},
    title = {Express Module},
    url = {https://expressjs.com/},
    keywords = {Express, module, javascript},
} 

@article{nodejs,
    author = {https://nodejs.org/en/},
    title = {Node.js Module},
    url = {https://nodejs.org/en/},
    keywords = {Node,js, module, javascript},
} 

